<collection xmlns="http://www.loc.gov/MARC21/slim">
<record>
  <leader>01522nam0a22002891i 450 </leader>
  <controlfield tag="001">IT\ICCU\CNCE\070522</controlfield>
  <controlfield tag="005">20070502000000.0</controlfield>
  <datafield tag="012" ind1=" " ind2=" ">
    <subfield code="a">sihe e&amp;ia e.pe l-o) (C) 1598 (A)</subfield>
    <subfield code="2">fei</subfield>
  </datafield>
  <datafield tag="100" ind1=" " ind2=" ">
    <subfield code="a">20070502d1598        0itac0103    ba</subfield>
  </datafield>
  <datafield tag="101" ind1=" " ind2=" ">
    <subfield code="a">ITA</subfield>
  </datafield>
  <datafield tag="102" ind1=" " ind2=" ">
    <subfield code="a">IT</subfield>
  </datafield>
  <datafield tag="200" ind1="1" ind2=" ">
    <subfield code="a">Relatione della solennissima intrata fatta in Ferrara. Dal serenissimo duca di Parma il di 29. di giugno. 1598. Scritta da Gio. Paulo Muccante mastro di cerimonie</subfield>
  </datafield>
  <datafield tag="210" ind1=" " ind2=" ">
    <subfield code="a">In Roma</subfield>
    <subfield code="c">appresso li stampatori camerali</subfield>
    <subfield code="d">1598</subfield>
  </datafield>
  <datafield tag="215" ind1=" " ind2=" ">
    <subfield code="a">\4! c.</subfield>
    <subfield code="d">4ʻ</subfield>
  </datafield>
  <datafield tag="620" ind1=" " ind2=" ">
    <subfield code="a">IT</subfield>
    <subfield code="d">Roma</subfield>
  </datafield>
  <datafield tag="700" ind1=" " ind2="1">
    <subfield code="a">Mucanzio,</subfield>
    <subfield code="b">Giovanni Paolo</subfield>
    <subfield code="3">IT\ICCU\CNCA\017224</subfield>
  </datafield>
  <datafield tag="712" ind1="0" ind2="2">
    <subfield code="a">Stamperia Camerale</subfield>
    <subfield code="c"> &lt;Roma&gt;</subfield>
    <subfield code="3">IT\ICCU\CNCT\002461</subfield>
    <subfield code="4">650</subfield>
  </datafield>
  <datafield tag="790" ind1=" " ind2="1">
    <subfield code="a">Mocante,</subfield>
    <subfield code="b">Giovanni Paolo</subfield>
    <subfield code="3">IT\ICCU\CNCA\017971</subfield>
    <subfield code="z">Mucanzio, Giovanni Paolo</subfield>
  </datafield>
  <datafield tag="790" ind1=" " ind2="1">
    <subfield code="a">Mucante,</subfield>
    <subfield code="b">Giovanni Paolo</subfield>
    <subfield code="3">IT\ICCU\CNCA\017972</subfield>
    <subfield code="z">Mucanzio, Giovanni Paolo</subfield>
  </datafield>
  <datafield tag="791" ind1="0" ind2="2">
    <subfield code="a">Typographia Reverendae Camerae Apostolicae</subfield>
    <subfield code="3">IT\ICCU\CNCT\002739</subfield>
    <subfield code="z">Stamperia Camerale &lt;Roma&gt;</subfield>
  </datafield>
  <datafield tag="791" ind1="0" ind2="2">
    <subfield code="a">Impressores Camerales</subfield>
    <subfield code="3">IT\ICCU\CNCT\003607</subfield>
    <subfield code="z">Stamperia Camerale &lt;Roma&gt;</subfield>
  </datafield>
  <datafield tag="791" ind1="0" ind2="2">
    <subfield code="a">Stamperia della reverenda Camera Apostolica</subfield>
    <subfield code="3">IT\ICCU\CNCT\005740</subfield>
    <subfield code="z">Stamperia Camerale &lt;Roma&gt;</subfield>
  </datafield>
  <datafield tag="791" ind1="0" ind2="2">
    <subfield code="a">Stampatori Camerali</subfield>
    <subfield code="3">IT\ICCU\CNCT\005741</subfield>
    <subfield code="z">Stamperia Camerale &lt;Roma&gt;</subfield>
  </datafield>
  <datafield tag="791" ind1="0" ind2="2">
    <subfield code="a">Typographi Camerales</subfield>
    <subfield code="3">IT\ICCU\CNCT\005742</subfield>
    <subfield code="z">Stamperia Camerale &lt;Roma&gt;</subfield>
  </datafield>
  <datafield tag="801" ind1=" " ind2="3">
    <subfield code="a">IT</subfield>
    <subfield code="b">ICCU</subfield>
    <subfield code="c">20201115</subfield>
  </datafield>
  <datafield tag="899" ind1=" " ind2=" ">
    <subfield code="a">Biblioteca Apostolica Vaticana. Citt ̉del Vaticano</subfield>
    <subfield code="1">EX0001</subfield>
    <subfield code="2">ZCV 01</subfield>
  </datafield>
  <datafield tag="899" ind1=" " ind2=" ">
    <subfield code="a">Biblioteca dell&apos;Accademia nazionale dei Lincei e Corsiniana. Roma</subfield>
    <subfield code="1">RM0418</subfield>
    <subfield code="2">RML 10</subfield>
  </datafield>
</record>
</collection>
